
@BOOK{the_craft_of_research,
 author = {Wayne C. Booth and Gregory G. Colomb and Joseph M. Williams}, 
 publisher = {{University Of Chicago Press}}, 
 pages = {317},
 edition = {3rd},
 title = {{The Craft of Research (Chicago Guides to Writing, Editing, and Publishing)}},
 year = {2008}
}

@INPROCEEDINGS{please_please_me,
 author = {Durelli, Vinicius H. S. and Durelli, Rafael S. and Endo, Andre T. and Cirilo, Elder and Luiz, Washington and Rocha, Leonardo},
 title = {{Please Please Me: Does the Presence of Test Cases Influence Mobile App Users' Satisfaction?}},
 booktitle = {Proceedings of the XXXII Brazilian Symposium on Software Engineering},
 series = {SBES '18},
 year = {2018},
 pages = {132--141},
 publisher = {ACM},
} 

@INPROCEEDINGS{speeding_up_mutation_testing, 
 author = {V. H. S. {Durelli} and J. {Offutt} and M. E. {Delamaro}}, 
 booktitle = {2012 IEEE Fifth International Conference on Software Testing, Verification and Validation}, 
 title = {{Toward Harnessing High-Level Language Virtual Machines for Further Speeding Up Weak Mutation Testing}}, 
 year = {2012}, 
 pages = {681--690}, 
}

